%YAML 1.1
%TAG !u! tag:unity3d.com,2011:
--- !u!1 &1728288045576633569
GameObject:
  m_ObjectHideFlags: 0
  m_CorrespondingSourceObject: {fileID: 0}
  m_PrefabInstance: {fileID: 0}
  m_PrefabAsset: {fileID: 0}
  serializedVersion: 6
  m_Component:
  - component: {fileID: 1728288045576633582}
  m_Layer: 0
  m_Name: Village
  m_TagString: Untagged
  m_Icon: {fileID: 0}
  m_NavMeshLayer: 0
  m_StaticEditorFlags: 0
  m_IsActive: 1
--- !u!4 &1728288045576633582
Transform:
  m_ObjectHideFlags: 0
  m_CorrespondingSourceObject: {fileID: 0}
  m_PrefabInstance: {fileID: 0}
  m_PrefabAsset: {fileID: 0}
  m_GameObject: {fileID: 1728288045576633569}
  m_LocalRotation: {x: 0, y: 0, z: 0, w: 1}
  m_LocalPosition: {x: 39.811367, y: 99.14696, z: 106.344574}
  m_LocalScale: {x: 1, y: 1, z: 1}
  m_Children:
  - {fileID: 1728288045590943143}
  - {fileID: 1728288046648897733}
  - {fileID: 1728288046699317992}
  - {fileID: 1728288045346618321}
  - {fileID: 1728288047192336486}
  - {fileID: 1728288045326542119}
  - {fileID: 1728288046751004183}
  - {fileID: 1728288047067302788}
  - {fileID: 1728288045584786046}
  - {fileID: 1728288045544674315}
  - {fileID: 1728288046694537893}
  - {fileID: 1728288045417907240}
  - {fileID: 1728288047243179732}
  - {fileID: 1728288046305478267}
  m_Father: {fileID: 0}
  m_RootOrder: 0
  m_LocalEulerAnglesHint: {x: 0, y: 0, z: 0}
--- !u!1001 &1728288045326155671
PrefabInstance:
  m_ObjectHideFlags: 0
  serializedVersion: 2
  m_Modification:
    m_TransformParent: {fileID: 1728288045576633582}
    m_Modifications:
    - target: {fileID: 100048, guid: 70b1cc9351b9b644f8490dc82ba9ec50, type: 3}
      propertyPath: m_Name
      value: pf_build_bighouse_01 (1)
      objectReference: {fileID: 0}
    - target: {fileID: 400048, guid: 70b1cc9351b9b644f8490dc82ba9ec50, type: 3}
      propertyPath: m_RootOrder
      value: 5
      objectReference: {fileID: 0}
    - target: {fileID: 400048, guid: 70b1cc9351b9b644f8490dc82ba9ec50, type: 3}
      propertyPath: m_LocalPosition.x
      value: -315.17136
      objectReference: {fileID: 0}
    - target: {fileID: 400048, guid: 70b1cc9351b9b644f8490dc82ba9ec50, type: 3}
      propertyPath: m_LocalPosition.y
      value: -35.861847
      objectReference: {fileID: 0}
    - target: {fileID: 400048, guid: 70b1cc9351b9b644f8490dc82ba9ec50, type: 3}
      propertyPath: m_LocalPosition.z
      value: -539.2646
      objectReference: {fileID: 0}
    - target: {fileID: 400048, guid: 70b1cc9351b9b644f8490dc82ba9ec50, type: 3}
      propertyPath: m_LocalRotation.w
      value: 1
      objectReference: {fileID: 0}
    - target: {fileID: 400048, guid: 70b1cc9351b9b644f8490dc82ba9ec50, type: 3}
      propertyPath: m_LocalRotation.x
      value: -0
      objectReference: {fileID: 0}
    - target: {fileID: 400048, guid: 70b1cc9351b9b644f8490dc82ba9ec50, type: 3}
      propertyPath: m_LocalRotation.y
      value: -0
      objectReference: {fileID: 0}
    - target: {fileID: 400048, guid: 70b1cc9351b9b644f8490dc82ba9ec50, type: 3}
      propertyPath: m_LocalRotation.z
      value: -0
      objectReference: {fileID: 0}
    - target: {fileID: 400048, guid: 70b1cc9351b9b644f8490dc82ba9ec50, type: 3}
      propertyPath: m_LocalEulerAnglesHint.x
      value: 0
      objectReference: {fileID: 0}
    - target: {fileID: 400048, guid: 70b1cc9351b9b644f8490dc82ba9ec50, type: 3}
      propertyPath: m_LocalEulerAnglesHint.y
      value: 0
      objectReference: {fileID: 0}
    - target: {fileID: 400048, guid: 70b1cc9351b9b644f8490dc82ba9ec50, type: 3}
      propertyPath: m_LocalEulerAnglesHint.z
      value: 0
      objectReference: {fileID: 0}
    m_RemovedComponents: []
  m_SourcePrefab: {fileID: 100100000, guid: 70b1cc9351b9b644f8490dc82ba9ec50, type: 3}
--- !u!4 &1728288045326542119 stripped
Transform:
  m_CorrespondingSourceObject: {fileID: 400048, guid: 70b1cc9351b9b644f8490dc82ba9ec50,
    type: 3}
  m_PrefabInstance: {fileID: 1728288045326155671}
  m_PrefabAsset: {fileID: 0}
--- !u!1001 &1728288045347004765
PrefabInstance:
  m_ObjectHideFlags: 0
  serializedVersion: 2
  m_Modification:
    m_TransformParent: {fileID: 1728288045576633582}
    m_Modifications:
    - target: {fileID: 100012, guid: 9ac557bbc39bdda4ab5d844355cdb201, type: 3}
      propertyPath: m_Name
      value: pf_build_storage_01 (2)
      objectReference: {fileID: 0}
    - target: {fileID: 400012, guid: 9ac557bbc39bdda4ab5d844355cdb201, type: 3}
      propertyPath: m_RootOrder
      value: 3
      objectReference: {fileID: 0}
    - target: {fileID: 400012, guid: 9ac557bbc39bdda4ab5d844355cdb201, type: 3}
      propertyPath: m_LocalPosition.x
      value: -327.97137
      objectReference: {fileID: 0}
    - target: {fileID: 400012, guid: 9ac557bbc39bdda4ab5d844355cdb201, type: 3}
      propertyPath: m_LocalPosition.y
      value: -35.86184
      objectReference: {fileID: 0}
    - target: {fileID: 400012, guid: 9ac557bbc39bdda4ab5d844355cdb201, type: 3}
      propertyPath: m_LocalPosition.z
      value: -530.8546
      objectReference: {fileID: 0}
    - target: {fileID: 400012, guid: 9ac557bbc39bdda4ab5d844355cdb201, type: 3}
      propertyPath: m_LocalRotation.w
      value: 1
      objectReference: {fileID: 0}
    - target: {fileID: 400012, guid: 9ac557bbc39bdda4ab5d844355cdb201, type: 3}
      propertyPath: m_LocalRotation.x
      value: -0
      objectReference: {fileID: 0}
    - target: {fileID: 400012, guid: 9ac557bbc39bdda4ab5d844355cdb201, type: 3}
      propertyPath: m_LocalRotation.y
      value: -0
      objectReference: {fileID: 0}
    - target: {fileID: 400012, guid: 9ac557bbc39bdda4ab5d844355cdb201, type: 3}
      propertyPath: m_LocalRotation.z
      value: -0
      objectReference: {fileID: 0}
    - target: {fileID: 400012, guid: 9ac557bbc39bdda4ab5d844355cdb201, type: 3}
      propertyPath: m_LocalEulerAnglesHint.x
      value: 0
      objectReference: {fileID: 0}
    - target: {fileID: 400012, guid: 9ac557bbc39bdda4ab5d844355cdb201, type: 3}
      propertyPath: m_LocalEulerAnglesHint.y
      value: 0
      objectReference: {fileID: 0}
    - target: {fileID: 400012, guid: 9ac557bbc39bdda4ab5d844355cdb201, type: 3}
      propertyPath: m_LocalEulerAnglesHint.z
      value: 0
      objectReference: {fileID: 0}
    m_RemovedComponents: []
  m_SourcePrefab: {fileID: 100100000, guid: 9ac557bbc39bdda4ab5d844355cdb201, type: 3}
--- !u!4 &1728288045346618321 stripped
Transform:
  m_CorrespondingSourceObject: {fileID: 400012, guid: 9ac557bbc39bdda4ab5d844355cdb201,
    type: 3}
  m_PrefabInstance: {fileID: 1728288045347004765}
  m_PrefabAsset: {fileID: 0}
--- !u!1001 &1728288045418307224
PrefabInstance:
  m_ObjectHideFlags: 0
  serializedVersion: 2
  m_Modification:
    m_TransformParent: {fileID: 1728288045576633582}
    m_Modifications:
    - target: {fileID: 100048, guid: 70b1cc9351b9b644f8490dc82ba9ec50, type: 3}
      propertyPath: m_Name
      value: pf_build_bighouse_01
      objectReference: {fileID: 0}
    - target: {fileID: 400048, guid: 70b1cc9351b9b644f8490dc82ba9ec50, type: 3}
      propertyPath: m_RootOrder
      value: 11
      objectReference: {fileID: 0}
    - target: {fileID: 400048, guid: 70b1cc9351b9b644f8490dc82ba9ec50, type: 3}
      propertyPath: m_LocalPosition.x
      value: -346.68927
      objectReference: {fileID: 0}
    - target: {fileID: 400048, guid: 70b1cc9351b9b644f8490dc82ba9ec50, type: 3}
      propertyPath: m_LocalPosition.y
      value: -35.861847
      objectReference: {fileID: 0}
    - target: {fileID: 400048, guid: 70b1cc9351b9b644f8490dc82ba9ec50, type: 3}
      propertyPath: m_LocalPosition.z
      value: -542.3502
      objectReference: {fileID: 0}
    - target: {fileID: 400048, guid: 70b1cc9351b9b644f8490dc82ba9ec50, type: 3}
      propertyPath: m_LocalRotation.w
      value: 1
      objectReference: {fileID: 0}
    - target: {fileID: 400048, guid: 70b1cc9351b9b644f8490dc82ba9ec50, type: 3}
      propertyPath: m_LocalRotation.x
      value: -0
      objectReference: {fileID: 0}
    - target: {fileID: 400048, guid: 70b1cc9351b9b644f8490dc82ba9ec50, type: 3}
      propertyPath: m_LocalRotation.y
      value: -0
      objectReference: {fileID: 0}
    - target: {fileID: 400048, guid: 70b1cc9351b9b644f8490dc82ba9ec50, type: 3}
      propertyPath: m_LocalRotation.z
      value: -0
      objectReference: {fileID: 0}
    - target: {fileID: 400048, guid: 70b1cc9351b9b644f8490dc82ba9ec50, type: 3}
      propertyPath: m_LocalEulerAnglesHint.x
      value: 0
      objectReference: {fileID: 0}
    - target: {fileID: 400048, guid: 70b1cc9351b9b644f8490dc82ba9ec50, type: 3}
      propertyPath: m_LocalEulerAnglesHint.y
      value: 0
      objectReference: {fileID: 0}
    - target: {fileID: 400048, guid: 70b1cc9351b9b644f8490dc82ba9ec50, type: 3}
      propertyPath: m_LocalEulerAnglesHint.z
      value: 0
      objectReference: {fileID: 0}
    m_RemovedComponents: []
  m_SourcePrefab: {fileID: 100100000, guid: 70b1cc9351b9b644f8490dc82ba9ec50, type: 3}
--- !u!4 &1728288045417907240 stripped
Transform:
  m_CorrespondingSourceObject: {fileID: 400048, guid: 70b1cc9351b9b644f8490dc82ba9ec50,
    type: 3}
  m_PrefabInstance: {fileID: 1728288045418307224}
  m_PrefabAsset: {fileID: 0}
--- !u!1001 &1728288045544279687
PrefabInstance:
  m_ObjectHideFlags: 0
  serializedVersion: 2
  m_Modification:
    m_TransformParent: {fileID: 1728288045576633582}
    m_Modifications:
    - target: {fileID: 100012, guid: 9ac557bbc39bdda4ab5d844355cdb201, type: 3}
      propertyPath: m_Name
      value: pf_build_storage_01
      objectReference: {fileID: 0}
    - target: {fileID: 400012, guid: 9ac557bbc39bdda4ab5d844355cdb201, type: 3}
      propertyPath: m_RootOrder
      value: 9
      objectReference: {fileID: 0}
    - target: {fileID: 400012, guid: 9ac557bbc39bdda4ab5d844355cdb201, type: 3}
      propertyPath: m_LocalPosition.x
      value: -314.99136
      objectReference: {fileID: 0}
    - target: {fileID: 400012, guid: 9ac557bbc39bdda4ab5d844355cdb201, type: 3}
      propertyPath: m_LocalPosition.y
      value: -35.861843
      objectReference: {fileID: 0}
    - target: {fileID: 400012, guid: 9ac557bbc39bdda4ab5d844355cdb201, type: 3}
      propertyPath: m_LocalPosition.z
      value: -561.78455
      objectReference: {fileID: 0}
    - target: {fileID: 400012, guid: 9ac557bbc39bdda4ab5d844355cdb201, type: 3}
      propertyPath: m_LocalRotation.w
      value: 0.9927686
      objectReference: {fileID: 0}
    - target: {fileID: 400012, guid: 9ac557bbc39bdda4ab5d844355cdb201, type: 3}
      propertyPath: m_LocalRotation.x
      value: -0
      objectReference: {fileID: 0}
    - target: {fileID: 400012, guid: 9ac557bbc39bdda4ab5d844355cdb201, type: 3}
      propertyPath: m_LocalRotation.y
      value: 0.12004396
      objectReference: {fileID: 0}
    - target: {fileID: 400012, guid: 9ac557bbc39bdda4ab5d844355cdb201, type: 3}
      propertyPath: m_LocalRotation.z
      value: -0
      objectReference: {fileID: 0}
    - target: {fileID: 400012, guid: 9ac557bbc39bdda4ab5d844355cdb201, type: 3}
      propertyPath: m_LocalEulerAnglesHint.x
      value: 0
      objectReference: {fileID: 0}
    - target: {fileID: 400012, guid: 9ac557bbc39bdda4ab5d844355cdb201, type: 3}
      propertyPath: m_LocalEulerAnglesHint.y
      value: 13.789
      objectReference: {fileID: 0}
    - target: {fileID: 400012, guid: 9ac557bbc39bdda4ab5d844355cdb201, type: 3}
      propertyPath: m_LocalEulerAnglesHint.z
      value: 0
      objectReference: {fileID: 0}
    m_RemovedComponents: []
  m_SourcePrefab: {fileID: 100100000, guid: 9ac557bbc39bdda4ab5d844355cdb201, type: 3}
--- !u!4 &1728288045544674315 stripped
Transform:
  m_CorrespondingSourceObject: {fileID: 400012, guid: 9ac557bbc39bdda4ab5d844355cdb201,
    type: 3}
  m_PrefabInstance: {fileID: 1728288045544279687}
  m_PrefabAsset: {fileID: 0}
--- !u!1001 &1728288045584922866
PrefabInstance:
  m_ObjectHideFlags: 0
  serializedVersion: 2
  m_Modification:
    m_TransformParent: {fileID: 1728288045576633582}
    m_Modifications:
    - target: {fileID: 100012, guid: 9ac557bbc39bdda4ab5d844355cdb201, type: 3}
      propertyPath: m_Name
      value: pf_build_storage_01 (1)
      objectReference: {fileID: 0}
    - target: {fileID: 400012, guid: 9ac557bbc39bdda4ab5d844355cdb201, type: 3}
      propertyPath: m_RootOrder
      value: 8
      objectReference: {fileID: 0}
    - target: {fileID: 400012, guid: 9ac557bbc39bdda4ab5d844355cdb201, type: 3}
      propertyPath: m_LocalPosition.x
      value: -319.84137
      objectReference: {fileID: 0}
    - target: {fileID: 400012, guid: 9ac557bbc39bdda4ab5d844355cdb201, type: 3}
      propertyPath: m_LocalPosition.y
      value: -35.861843
      objectReference: {fileID: 0}
    - target: {fileID: 400012, guid: 9ac557bbc39bdda4ab5d844355cdb201, type: 3}
      propertyPath: m_LocalPosition.z
      value: -560.36456
      objectReference: {fileID: 0}
    - target: {fileID: 400012, guid: 9ac557bbc39bdda4ab5d844355cdb201, type: 3}
      propertyPath: m_LocalRotation.w
      value: 0.13320705
      objectReference: {fileID: 0}
    - target: {fileID: 400012, guid: 9ac557bbc39bdda4ab5d844355cdb201, type: 3}
      propertyPath: m_LocalRotation.x
      value: -0
      objectReference: {fileID: 0}
    - target: {fileID: 400012, guid: 9ac557bbc39bdda4ab5d844355cdb201, type: 3}
      propertyPath: m_LocalRotation.y
      value: -0.9910883
      objectReference: {fileID: 0}
    - target: {fileID: 400012, guid: 9ac557bbc39bdda4ab5d844355cdb201, type: 3}
      propertyPath: m_LocalRotation.z
      value: -0
      objectReference: {fileID: 0}
    - target: {fileID: 400012, guid: 9ac557bbc39bdda4ab5d844355cdb201, type: 3}
      propertyPath: m_LocalEulerAnglesHint.x
      value: 0
      objectReference: {fileID: 0}
    - target: {fileID: 400012, guid: 9ac557bbc39bdda4ab5d844355cdb201, type: 3}
      propertyPath: m_LocalEulerAnglesHint.y
      value: -164.69
      objectReference: {fileID: 0}
    - target: {fileID: 400012, guid: 9ac557bbc39bdda4ab5d844355cdb201, type: 3}
      propertyPath: m_LocalEulerAnglesHint.z
      value: 0
      objectReference: {fileID: 0}
    m_RemovedComponents: []
  m_SourcePrefab: {fileID: 100100000, guid: 9ac557bbc39bdda4ab5d844355cdb201, type: 3}
--- !u!4 &1728288045584786046 stripped
Transform:
  m_CorrespondingSourceObject: {fileID: 400012, guid: 9ac557bbc39bdda4ab5d844355cdb201,
    type: 3}
  m_PrefabInstance: {fileID: 1728288045584922866}
  m_PrefabAsset: {fileID: 0}
--- !u!1001 &1728288045591334661
PrefabInstance:
  m_ObjectHideFlags: 0
  serializedVersion: 2
  m_Modification:
    m_TransformParent: {fileID: 1728288045576633582}
    m_Modifications:
    - target: {fileID: 100034, guid: 1134317543a4d0949af5a6b78ad8e9c7, type: 3}
      propertyPath: m_Name
      value: pf_build_bighouse_02
      objectReference: {fileID: 0}
    - target: {fileID: 400034, guid: 1134317543a4d0949af5a6b78ad8e9c7, type: 3}
      propertyPath: m_RootOrder
      value: 0
      objectReference: {fileID: 0}
    - target: {fileID: 400034, guid: 1134317543a4d0949af5a6b78ad8e9c7, type: 3}
      propertyPath: m_LocalPosition.x
      value: -344.56137
      objectReference: {fileID: 0}
    - target: {fileID: 400034, guid: 1134317543a4d0949af5a6b78ad8e9c7, type: 3}
      propertyPath: m_LocalPosition.y
      value: -35.894444
      objectReference: {fileID: 0}
    - target: {fileID: 400034, guid: 1134317543a4d0949af5a6b78ad8e9c7, type: 3}
      propertyPath: m_LocalPosition.z
      value: -577.4846
      objectReference: {fileID: 0}
    - target: {fileID: 400034, guid: 1134317543a4d0949af5a6b78ad8e9c7, type: 3}
      propertyPath: m_LocalRotation.w
      value: 0.6312507
      objectReference: {fileID: 0}
    - target: {fileID: 400034, guid: 1134317543a4d0949af5a6b78ad8e9c7, type: 3}
      propertyPath: m_LocalRotation.x
      value: -0
      objectReference: {fileID: 0}
    - target: {fileID: 400034, guid: 1134317543a4d0949af5a6b78ad8e9c7, type: 3}
      propertyPath: m_LocalRotation.y
      value: 0.77557886
      objectReference: {fileID: 0}
    - target: {fileID: 400034, guid: 1134317543a4d0949af5a6b78ad8e9c7, type: 3}
      propertyPath: m_LocalRotation.z
      value: -0
      objectReference: {fileID: 0}
    - target: {fileID: 400034, guid: 1134317543a4d0949af5a6b78ad8e9c7, type: 3}
      propertyPath: m_LocalEulerAnglesHint.x
      value: 0
      objectReference: {fileID: 0}
    - target: {fileID: 400034, guid: 1134317543a4d0949af5a6b78ad8e9c7, type: 3}
      propertyPath: m_LocalEulerAnglesHint.y
      value: 101.715
      objectReference: {fileID: 0}
    - target: {fileID: 400034, guid: 1134317543a4d0949af5a6b78ad8e9c7, type: 3}
      propertyPath: m_LocalEulerAnglesHint.z
      value: 0
      objectReference: {fileID: 0}
    m_RemovedComponents: []
  m_SourcePrefab: {fileID: 100100000, guid: 1134317543a4d0949af5a6b78ad8e9c7, type: 3}
--- !u!4 &1728288045590943143 stripped
Transform:
  m_CorrespondingSourceObject: {fileID: 400034, guid: 1134317543a4d0949af5a6b78ad8e9c7,
    type: 3}
  m_PrefabInstance: {fileID: 1728288045591334661}
  m_PrefabAsset: {fileID: 0}
--- !u!1001 &1728288046305090805
PrefabInstance:
  m_ObjectHideFlags: 0
  serializedVersion: 2
  m_Modification:
    m_TransformParent: {fileID: 1728288045576633582}
    m_Modifications:
    - target: {fileID: 100014, guid: 1d0aee27deb036444829b22bc0242535, type: 3}
      propertyPath: m_Name
      value: pf_build_barracks_01
      objectReference: {fileID: 0}
    - target: {fileID: 400014, guid: 1d0aee27deb036444829b22bc0242535, type: 3}
      propertyPath: m_RootOrder
      value: 13
      objectReference: {fileID: 0}
    - target: {fileID: 400014, guid: 1d0aee27deb036444829b22bc0242535, type: 3}
      propertyPath: m_LocalPosition.x
      value: -331.68137
      objectReference: {fileID: 0}
    - target: {fileID: 400014, guid: 1d0aee27deb036444829b22bc0242535, type: 3}
      propertyPath: m_LocalPosition.y
      value: -35.861843
      objectReference: {fileID: 0}
    - target: {fileID: 400014, guid: 1d0aee27deb036444829b22bc0242535, type: 3}
      propertyPath: m_LocalPosition.z
      value: -575.5946
      objectReference: {fileID: 0}
    - target: {fileID: 400014, guid: 1d0aee27deb036444829b22bc0242535, type: 3}
      propertyPath: m_LocalRotation.w
      value: 0.7807978
      objectReference: {fileID: 0}
    - target: {fileID: 400014, guid: 1d0aee27deb036444829b22bc0242535, type: 3}
      propertyPath: m_LocalRotation.x
      value: -0
      objectReference: {fileID: 0}
    - target: {fileID: 400014, guid: 1d0aee27deb036444829b22bc0242535, type: 3}
      propertyPath: m_LocalRotation.y
      value: -0.62478393
      objectReference: {fileID: 0}
    - target: {fileID: 400014, guid: 1d0aee27deb036444829b22bc0242535, type: 3}
      propertyPath: m_LocalRotation.z
      value: -0
      objectReference: {fileID: 0}
    - target: {fileID: 400014, guid: 1d0aee27deb036444829b22bc0242535, type: 3}
      propertyPath: m_LocalEulerAnglesHint.x
      value: 0
      objectReference: {fileID: 0}
    - target: {fileID: 400014, guid: 1d0aee27deb036444829b22bc0242535, type: 3}
      propertyPath: m_LocalEulerAnglesHint.y
      value: -77.333
      objectReference: {fileID: 0}
    - target: {fileID: 400014, guid: 1d0aee27deb036444829b22bc0242535, type: 3}
      propertyPath: m_LocalEulerAnglesHint.z
      value: 0
      objectReference: {fileID: 0}
    m_RemovedComponents: []
  m_SourcePrefab: {fileID: 100100000, guid: 1d0aee27deb036444829b22bc0242535, type: 3}
--- !u!4 &1728288046305478267 stripped
Transform:
  m_CorrespondingSourceObject: {fileID: 400014, guid: 1d0aee27deb036444829b22bc0242535,
    type: 3}
  m_PrefabInstance: {fileID: 1728288046305090805}
  m_PrefabAsset: {fileID: 0}
--- !u!1001 &1728288046648502859
PrefabInstance:
  m_ObjectHideFlags: 0
  serializedVersion: 2
  m_Modification:
    m_TransformParent: {fileID: 1728288045576633582}
    m_Modifications:
    - target: {fileID: 100014, guid: 1d0aee27deb036444829b22bc0242535, type: 3}
      propertyPath: m_Name
      value: pf_build_barracks_01 (1)
      objectReference: {fileID: 0}
    - target: {fileID: 400014, guid: 1d0aee27deb036444829b22bc0242535, type: 3}
      propertyPath: m_RootOrder
      value: 1
      objectReference: {fileID: 0}
    - target: {fileID: 400014, guid: 1d0aee27deb036444829b22bc0242535, type: 3}
      propertyPath: m_LocalPosition.x
      value: -352.62924
      objectReference: {fileID: 0}
    - target: {fileID: 400014, guid: 1d0aee27deb036444829b22bc0242535, type: 3}
      propertyPath: m_LocalPosition.y
      value: -35.861847
      objectReference: {fileID: 0}
    - target: {fileID: 400014, guid: 1d0aee27deb036444829b22bc0242535, type: 3}
      propertyPath: m_LocalPosition.z
      value: -569.5067
      objectReference: {fileID: 0}
    - target: {fileID: 400014, guid: 1d0aee27deb036444829b22bc0242535, type: 3}
      propertyPath: m_LocalRotation.w
      value: 0.31341425
      objectReference: {fileID: 0}
    - target: {fileID: 400014, guid: 1d0aee27deb036444829b22bc0242535, type: 3}
      propertyPath: m_LocalRotation.x
      value: -0
      objectReference: {fileID: 0}
    - target: {fileID: 400014, guid: 1d0aee27deb036444829b22bc0242535, type: 3}
      propertyPath: m_LocalRotation.y
      value: -0.94961655
      objectReference: {fileID: 0}
    - target: {fileID: 400014, guid: 1d0aee27deb036444829b22bc0242535, type: 3}
      propertyPath: m_LocalRotation.z
      value: -0
      objectReference: {fileID: 0}
    - target: {fileID: 400014, guid: 1d0aee27deb036444829b22bc0242535, type: 3}
      propertyPath: m_LocalEulerAnglesHint.x
      value: 0
      objectReference: {fileID: 0}
    - target: {fileID: 400014, guid: 1d0aee27deb036444829b22bc0242535, type: 3}
      propertyPath: m_LocalEulerAnglesHint.y
      value: -143.47
      objectReference: {fileID: 0}
    - target: {fileID: 400014, guid: 1d0aee27deb036444829b22bc0242535, type: 3}
      propertyPath: m_LocalEulerAnglesHint.z
      value: 0
      objectReference: {fileID: 0}
    m_RemovedComponents: []
  m_SourcePrefab: {fileID: 100100000, guid: 1d0aee27deb036444829b22bc0242535, type: 3}
--- !u!4 &1728288046648897733 stripped
Transform:
  m_CorrespondingSourceObject: {fileID: 400014, guid: 1d0aee27deb036444829b22bc0242535,
    type: 3}
  m_PrefabInstance: {fileID: 1728288046648502859}
  m_PrefabAsset: {fileID: 0}
--- !u!1001 &1728288046694924333
PrefabInstance:
  m_ObjectHideFlags: 0
  serializedVersion: 2
  m_Modification:
    m_TransformParent: {fileID: 1728288045576633582}
    m_Modifications:
    - target: {fileID: 100008, guid: 3c8ce989a89bfce4da004b17f42d7298, type: 3}
      propertyPath: m_Name
      value: pf_build_small_house_01
      objectReference: {fileID: 0}
    - target: {fileID: 400008, guid: 3c8ce989a89bfce4da004b17f42d7298, type: 3}
      propertyPath: m_RootOrder
      value: 10
      objectReference: {fileID: 0}
    - target: {fileID: 400008, guid: 3c8ce989a89bfce4da004b17f42d7298, type: 3}
      propertyPath: m_LocalPosition.x
      value: -324.87137
      objectReference: {fileID: 0}
    - target: {fileID: 400008, guid: 3c8ce989a89bfce4da004b17f42d7298, type: 3}
      propertyPath: m_LocalPosition.y
      value: -35.966957
      objectReference: {fileID: 0}
    - target: {fileID: 400008, guid: 3c8ce989a89bfce4da004b17f42d7298, type: 3}
      propertyPath: m_LocalPosition.z
      value: -557.7646
      objectReference: {fileID: 0}
    - target: {fileID: 400008, guid: 3c8ce989a89bfce4da004b17f42d7298, type: 3}
      propertyPath: m_LocalRotation.w
      value: -0.6180535
      objectReference: {fileID: 0}
    - target: {fileID: 400008, guid: 3c8ce989a89bfce4da004b17f42d7298, type: 3}
      propertyPath: m_LocalRotation.x
      value: -0.01675041
      objectReference: {fileID: 0}
    - target: {fileID: 400008, guid: 3c8ce989a89bfce4da004b17f42d7298, type: 3}
      propertyPath: m_LocalRotation.y
      value: -0.7857096
      objectReference: {fileID: 0}
    - target: {fileID: 400008, guid: 3c8ce989a89bfce4da004b17f42d7298, type: 3}
      propertyPath: m_LocalRotation.z
      value: -0.019741317
      objectReference: {fileID: 0}
    - target: {fileID: 400008, guid: 3c8ce989a89bfce4da004b17f42d7298, type: 3}
      propertyPath: m_LocalEulerAnglesHint.x
      value: -0.591
      objectReference: {fileID: 0}
    - target: {fileID: 400008, guid: 3c8ce989a89bfce4da004b17f42d7298, type: 3}
      propertyPath: m_LocalEulerAnglesHint.y
      value: 103.607
      objectReference: {fileID: 0}
    - target: {fileID: 400008, guid: 3c8ce989a89bfce4da004b17f42d7298, type: 3}
      propertyPath: m_LocalEulerAnglesHint.z
      value: 2.908
      objectReference: {fileID: 0}
    m_RemovedComponents: []
  m_SourcePrefab: {fileID: 100100000, guid: 3c8ce989a89bfce4da004b17f42d7298, type: 3}
--- !u!4 &1728288046694537893 stripped
Transform:
  m_CorrespondingSourceObject: {fileID: 400008, guid: 3c8ce989a89bfce4da004b17f42d7298,
    type: 3}
  m_PrefabInstance: {fileID: 1728288046694924333}
  m_PrefabAsset: {fileID: 0}
--- !u!1001 &1728288046699712600
PrefabInstance:
  m_ObjectHideFlags: 0
  serializedVersion: 2
  m_Modification:
    m_TransformParent: {fileID: 1728288045576633582}
    m_Modifications:
    - target: {fileID: 100048, guid: 70b1cc9351b9b644f8490dc82ba9ec50, type: 3}
      propertyPath: m_Name
      value: pf_build_bighouse_01 (2)
      objectReference: {fileID: 0}
    - target: {fileID: 400048, guid: 70b1cc9351b9b644f8490dc82ba9ec50, type: 3}
      propertyPath: m_RootOrder
      value: 2
      objectReference: {fileID: 0}
    - target: {fileID: 400048, guid: 70b1cc9351b9b644f8490dc82ba9ec50, type: 3}
      propertyPath: m_LocalPosition.x
      value: -342.49136
      objectReference: {fileID: 0}
    - target: {fileID: 400048, guid: 70b1cc9351b9b644f8490dc82ba9ec50, type: 3}
      propertyPath: m_LocalPosition.y
      value: -35.861847
      objectReference: {fileID: 0}
    - target: {fileID: 400048, guid: 70b1cc9351b9b644f8490dc82ba9ec50, type: 3}
      propertyPath: m_LocalPosition.z
      value: -529.0146
      objectReference: {fileID: 0}
    - target: {fileID: 400048, guid: 70b1cc9351b9b644f8490dc82ba9ec50, type: 3}
      propertyPath: m_LocalRotation.w
      value: 0.9847561
      objectReference: {fileID: 0}
    - target: {fileID: 400048, guid: 70b1cc9351b9b644f8490dc82ba9ec50, type: 3}
      propertyPath: m_LocalRotation.x
      value: -0
      objectReference: {fileID: 0}
    - target: {fileID: 400048, guid: 70b1cc9351b9b644f8490dc82ba9ec50, type: 3}
      propertyPath: m_LocalRotation.y
      value: 0.17394108
      objectReference: {fileID: 0}
    - target: {fileID: 400048, guid: 70b1cc9351b9b644f8490dc82ba9ec50, type: 3}
      propertyPath: m_LocalRotation.z
      value: -0
      objectReference: {fileID: 0}
    - target: {fileID: 400048, guid: 70b1cc9351b9b644f8490dc82ba9ec50, type: 3}
      propertyPath: m_LocalEulerAnglesHint.x
      value: 0
      objectReference: {fileID: 0}
    - target: {fileID: 400048, guid: 70b1cc9351b9b644f8490dc82ba9ec50, type: 3}
      propertyPath: m_LocalEulerAnglesHint.y
      value: 20.034
      objectReference: {fileID: 0}
    - target: {fileID: 400048, guid: 70b1cc9351b9b644f8490dc82ba9ec50, type: 3}
      propertyPath: m_LocalEulerAnglesHint.z
      value: 0
      objectReference: {fileID: 0}
    m_RemovedComponents: []
  m_SourcePrefab: {fileID: 100100000, guid: 70b1cc9351b9b644f8490dc82ba9ec50, type: 3}
--- !u!4 &1728288046699317992 stripped
Transform:
  m_CorrespondingSourceObject: {fileID: 400048, guid: 70b1cc9351b9b644f8490dc82ba9ec50,
    type: 3}
  m_PrefabInstance: {fileID: 1728288046699712600}
  m_PrefabAsset: {fileID: 0}
--- !u!1001 &1728288046750870685
PrefabInstance:
  m_ObjectHideFlags: 0
  serializedVersion: 2
  m_Modification:
    m_TransformParent: {fileID: 1728288045576633582}
    m_Modifications:
    - target: {fileID: 100010, guid: edc187f9f9ba43449800751ee6d59cec, type: 3}
      propertyPath: m_Name
      value: pf_build_small_house_straw_roof_01
      objectReference: {fileID: 0}
    - target: {fileID: 400010, guid: edc187f9f9ba43449800751ee6d59cec, type: 3}
      propertyPath: m_RootOrder
      value: 6
      objectReference: {fileID: 0}
    - target: {fileID: 400010, guid: edc187f9f9ba43449800751ee6d59cec, type: 3}
      propertyPath: m_LocalPosition.x
      value: -329.18137
      objectReference: {fileID: 0}
    - target: {fileID: 400010, guid: edc187f9f9ba43449800751ee6d59cec, type: 3}
      propertyPath: m_LocalPosition.y
      value: -35.861847
      objectReference: {fileID: 0}
    - target: {fileID: 400010, guid: edc187f9f9ba43449800751ee6d59cec, type: 3}
      propertyPath: m_LocalPosition.z
      value: -540.77454
      objectReference: {fileID: 0}
    - target: {fileID: 400010, guid: edc187f9f9ba43449800751ee6d59cec, type: 3}
      propertyPath: m_LocalRotation.w
      value: 0.83233833
      objectReference: {fileID: 0}
    - target: {fileID: 400010, guid: edc187f9f9ba43449800751ee6d59cec, type: 3}
      propertyPath: m_LocalRotation.x
      value: -0
      objectReference: {fileID: 0}
    - target: {fileID: 400010, guid: edc187f9f9ba43449800751ee6d59cec, type: 3}
      propertyPath: m_LocalRotation.y
      value: -0.5542679
      objectReference: {fileID: 0}
    - target: {fileID: 400010, guid: edc187f9f9ba43449800751ee6d59cec, type: 3}
      propertyPath: m_LocalRotation.z
      value: -0
      objectReference: {fileID: 0}
    - target: {fileID: 400010, guid: edc187f9f9ba43449800751ee6d59cec, type: 3}
      propertyPath: m_LocalEulerAnglesHint.x
      value: 0
      objectReference: {fileID: 0}
    - target: {fileID: 400010, guid: edc187f9f9ba43449800751ee6d59cec, type: 3}
      propertyPath: m_LocalEulerAnglesHint.y
      value: -67.321
      objectReference: {fileID: 0}
    - target: {fileID: 400010, guid: edc187f9f9ba43449800751ee6d59cec, type: 3}
      propertyPath: m_LocalEulerAnglesHint.z
      value: 0
      objectReference: {fileID: 0}
    m_RemovedComponents: []
  m_SourcePrefab: {fileID: 100100000, guid: edc187f9f9ba43449800751ee6d59cec, type: 3}
--- !u!4 &1728288046751004183 stripped
Transform:
  m_CorrespondingSourceObject: {fileID: 400010, guid: edc187f9f9ba43449800751ee6d59cec,
    type: 3}
  m_PrefabInstance: {fileID: 1728288046750870685}
  m_PrefabAsset: {fileID: 0}
--- !u!1001 &1728288047067697418
PrefabInstance:
  m_ObjectHideFlags: 0
  serializedVersion: 2
  m_Modification:
    m_TransformParent: {fileID: 1728288045576633582}
    m_Modifications:
    - target: {fileID: 100014, guid: ad3f867a742ace24b9e09aa4c6cfe7f0, type: 3}
      propertyPath: m_Name
      value: pf_build_small_house_tall_roof_01
      objectReference: {fileID: 0}
    - target: {fileID: 400014, guid: ad3f867a742ace24b9e09aa4c6cfe7f0, type: 3}
      propertyPath: m_RootOrder
      value: 7
      objectReference: {fileID: 0}
    - target: {fileID: 400014, guid: ad3f867a742ace24b9e09aa4c6cfe7f0, type: 3}
      propertyPath: m_LocalPosition.x
      value: -314.92136
      objectReference: {fileID: 0}
    - target: {fileID: 400014, guid: ad3f867a742ace24b9e09aa4c6cfe7f0, type: 3}
      propertyPath: m_LocalPosition.y
      value: -35.86185
      objectReference: {fileID: 0}
    - target: {fileID: 400014, guid: ad3f867a742ace24b9e09aa4c6cfe7f0, type: 3}
      propertyPath: m_LocalPosition.z
      value: -574.7146
      objectReference: {fileID: 0}
    - target: {fileID: 400014, guid: ad3f867a742ace24b9e09aa4c6cfe7f0, type: 3}
      propertyPath: m_LocalRotation.w
      value: 0.026480304
      objectReference: {fileID: 0}
    - target: {fileID: 400014, guid: ad3f867a742ace24b9e09aa4c6cfe7f0, type: 3}
      propertyPath: m_LocalRotation.x
      value: -0
      objectReference: {fileID: 0}
    - target: {fileID: 400014, guid: ad3f867a742ace24b9e09aa4c6cfe7f0, type: 3}
      propertyPath: m_LocalRotation.y
      value: -0.99964935
      objectReference: {fileID: 0}
    - target: {fileID: 400014, guid: ad3f867a742ace24b9e09aa4c6cfe7f0, type: 3}
      propertyPath: m_LocalRotation.z
      value: -0
      objectReference: {fileID: 0}
    - target: {fileID: 400014, guid: ad3f867a742ace24b9e09aa4c6cfe7f0, type: 3}
      propertyPath: m_LocalEulerAnglesHint.x
      value: 0
      objectReference: {fileID: 0}
    - target: {fileID: 400014, guid: ad3f867a742ace24b9e09aa4c6cfe7f0, type: 3}
      propertyPath: m_LocalEulerAnglesHint.y
      value: -176.965
      objectReference: {fileID: 0}
    - target: {fileID: 400014, guid: ad3f867a742ace24b9e09aa4c6cfe7f0, type: 3}
      propertyPath: m_LocalEulerAnglesHint.z
      value: 0
      objectReference: {fileID: 0}
    m_RemovedComponents: []
  m_SourcePrefab: {fileID: 100100000, guid: ad3f867a742ace24b9e09aa4c6cfe7f0, type: 3}
--- !u!4 &1728288047067302788 stripped
Transform:
  m_CorrespondingSourceObject: {fileID: 400014, guid: ad3f867a742ace24b9e09aa4c6cfe7f0,
    type: 3}
  m_PrefabInstance: {fileID: 1728288047067697418}
  m_PrefabAsset: {fileID: 0}
--- !u!1001 &1728288047192470250
PrefabInstance:
  m_ObjectHideFlags: 0
  serializedVersion: 2
  m_Modification:
    m_TransformParent: {fileID: 1728288045576633582}
    m_Modifications:
    - target: {fileID: 100012, guid: 15a4be37a8517f94abaf3ad28701434e, type: 3}
      propertyPath: m_Name
      value: pf_build_barracks_single_01 (1)
      objectReference: {fileID: 0}
    - target: {fileID: 400012, guid: 15a4be37a8517f94abaf3ad28701434e, type: 3}
      propertyPath: m_RootOrder
      value: 4
      objectReference: {fileID: 0}
    - target: {fileID: 400012, guid: 15a4be37a8517f94abaf3ad28701434e, type: 3}
      propertyPath: m_LocalPosition.x
      value: -326.81137
      objectReference: {fileID: 0}
    - target: {fileID: 400012, guid: 15a4be37a8517f94abaf3ad28701434e, type: 3}
      propertyPath: m_LocalPosition.y
      value: -35.913074
      objectReference: {fileID: 0}
    - target: {fileID: 400012, guid: 15a4be37a8517f94abaf3ad28701434e, type: 3}
      propertyPath: m_LocalPosition.z
      value: -518.04456
      objectReference: {fileID: 0}
    - target: {fileID: 400012, guid: 15a4be37a8517f94abaf3ad28701434e, type: 3}
      propertyPath: m_LocalRotation.w
      value: 0.53387773
      objectReference: {fileID: 0}
    - target: {fileID: 400012, guid: 15a4be37a8517f94abaf3ad28701434e, type: 3}
      propertyPath: m_LocalRotation.x
      value: -0
      objectReference: {fileID: 0}
    - target: {fileID: 400012, guid: 15a4be37a8517f94abaf3ad28701434e, type: 3}
      propertyPath: m_LocalRotation.y
      value: 0.8455617
      objectReference: {fileID: 0}
    - target: {fileID: 400012, guid: 15a4be37a8517f94abaf3ad28701434e, type: 3}
      propertyPath: m_LocalRotation.z
      value: -0
      objectReference: {fileID: 0}
    - target: {fileID: 400012, guid: 15a4be37a8517f94abaf3ad28701434e, type: 3}
      propertyPath: m_LocalEulerAnglesHint.x
      value: 0
      objectReference: {fileID: 0}
    - target: {fileID: 400012, guid: 15a4be37a8517f94abaf3ad28701434e, type: 3}
      propertyPath: m_LocalEulerAnglesHint.y
      value: 115.464
      objectReference: {fileID: 0}
    - target: {fileID: 400012, guid: 15a4be37a8517f94abaf3ad28701434e, type: 3}
      propertyPath: m_LocalEulerAnglesHint.z
      value: 0
      objectReference: {fileID: 0}
    m_RemovedComponents: []
  m_SourcePrefab: {fileID: 100100000, guid: 15a4be37a8517f94abaf3ad28701434e, type: 3}
--- !u!4 &1728288047192336486 stripped
Transform:
  m_CorrespondingSourceObject: {fileID: 400012, guid: 15a4be37a8517f94abaf3ad28701434e,
    type: 3}
  m_PrefabInstance: {fileID: 1728288047192470250}
  m_PrefabAsset: {fileID: 0}
--- !u!1001 &1728288047243308120
PrefabInstance:
  m_ObjectHideFlags: 0
  serializedVersion: 2
  m_Modification:
    m_TransformParent: {fileID: 1728288045576633582}
    m_Modifications:
    - target: {fileID: 100012, guid: 15a4be37a8517f94abaf3ad28701434e, type: 3}
      propertyPath: m_Name
      value: pf_build_barracks_single_01
      objectReference: {fileID: 0}
    - target: {fileID: 400012, guid: 15a4be37a8517f94abaf3ad28701434e, type: 3}
      propertyPath: m_RootOrder
      value: 12
      objectReference: {fileID: 0}
    - target: {fileID: 400012, guid: 15a4be37a8517f94abaf3ad28701434e, type: 3}
      propertyPath: m_LocalPosition.x
      value: -340.85056
      objectReference: {fileID: 0}
    - target: {fileID: 400012, guid: 15a4be37a8517f94abaf3ad28701434e, type: 3}
      propertyPath: m_LocalPosition.y
      value: -35.861843
      objectReference: {fileID: 0}
    - target: {fileID: 400012, guid: 15a4be37a8517f94abaf3ad28701434e, type: 3}
      propertyPath: m_LocalPosition.z
      value: -558.5114
      objectReference: {fileID: 0}
    - target: {fileID: 400012, guid: 15a4be37a8517f94abaf3ad28701434e, type: 3}
      propertyPath: m_LocalRotation.w
      value: 0.8742326
      objectReference: {fileID: 0}
    - target: {fileID: 400012, guid: 15a4be37a8517f94abaf3ad28701434e, type: 3}
      propertyPath: m_LocalRotation.x
      value: -0
      objectReference: {fileID: 0}
    - target: {fileID: 400012, guid: 15a4be37a8517f94abaf3ad28701434e, type: 3}
      propertyPath: m_LocalRotation.y
      value: -0.4855074
      objectReference: {fileID: 0}
    - target: {fileID: 400012, guid: 15a4be37a8517f94abaf3ad28701434e, type: 3}
      propertyPath: m_LocalRotation.z
      value: -0
      objectReference: {fileID: 0}
    - target: {fileID: 400012, guid: 15a4be37a8517f94abaf3ad28701434e, type: 3}
      propertyPath: m_LocalEulerAnglesHint.x
      value: 0
      objectReference: {fileID: 0}
    - target: {fileID: 400012, guid: 15a4be37a8517f94abaf3ad28701434e, type: 3}
      propertyPath: m_LocalEulerAnglesHint.y
      value: 0
      objectReference: {fileID: 0}
    - target: {fileID: 400012, guid: 15a4be37a8517f94abaf3ad28701434e, type: 3}
      propertyPath: m_LocalEulerAnglesHint.z
      value: 0
      objectReference: {fileID: 0}
    m_RemovedComponents: []
  m_SourcePrefab: {fileID: 100100000, guid: 15a4be37a8517f94abaf3ad28701434e, type: 3}
--- !u!4 &1728288047243179732 stripped
Transform:
  m_CorrespondingSourceObject: {fileID: 400012, guid: 15a4be37a8517f94abaf3ad28701434e,
    type: 3}
  m_PrefabInstance: {fileID: 1728288047243308120}
  m_PrefabAsset: {fileID: 0}
