%YAML 1.1
%TAG !u! tag:unity3d.com,2011:
--- !u!29 &1
OcclusionCullingSettings:
  m_ObjectHideFlags: 0
  serializedVersion: 2
  m_OcclusionBakeSettings:
    smallestOccluder: 5
    smallestHole: 0.25
    backfaceThreshold: 100
  m_SceneGUID: 00000000000000000000000000000000
  m_OcclusionCullingData: {fileID: 0}
--- !u!104 &2
RenderSettings:
  m_ObjectHideFlags: 0
  serializedVersion: 9
  m_Fog: 0
  m_FogColor: {r: 0.5, g: 0.5, b: 0.5, a: 1}
  m_FogMode: 3
  m_FogDensity: 0.1
  m_LinearFogStart: 0
  m_LinearFogEnd: 300
  m_AmbientSkyColor: {r: 0.212, g: 0.227, b: 0.259, a: 1}
  m_AmbientEquatorColor: {r: 0.114, g: 0.125, b: 0.133, a: 1}
  m_AmbientGroundColor: {r: 0.047, g: 0.043, b: 0.035, a: 1}
  m_AmbientIntensity: 1
  m_AmbientMode: 0
  m_SubtractiveShadowColor: {r: 0.42, g: 0.478, b: 0.627, a: 1}
  m_SkyboxMaterial: {fileID: 2100000, guid: cf09bdd74268f184498d51e302193dbf, type: 2}
  m_HaloStrength: 0.5
  m_FlareStrength: 1
  m_FlareFadeSpeed: 3
  m_HaloTexture: {fileID: 0}
  m_SpotCookie: {fileID: 10001, guid: 0000000000000000e000000000000000, type: 0}
  m_DefaultReflectionMode: 0
  m_DefaultReflectionResolution: 128
  m_ReflectionBounces: 1
  m_ReflectionIntensity: 1
  m_CustomReflection: {fileID: 0}
  m_Sun: {fileID: 705507994}
  m_IndirectSpecularColor: {r: 0.4589604, g: 0.3230054, b: 0.3218245, a: 1}
  m_UseRadianceAmbientProbe: 0
--- !u!157 &3
LightmapSettings:
  m_ObjectHideFlags: 0
  serializedVersion: 12
  m_GIWorkflowMode: 1
  m_GISettings:
    serializedVersion: 2
    m_BounceScale: 1
    m_IndirectOutputScale: 1
    m_AlbedoBoost: 1
    m_EnvironmentLightingMode: 0
    m_EnableBakedLightmaps: 1
    m_EnableRealtimeLightmaps: 0
  m_LightmapEditorSettings:
    serializedVersion: 12
    m_Resolution: 2
    m_BakeResolution: 40
    m_AtlasSize: 1024
    m_AO: 0
    m_AOMaxDistance: 1
    m_CompAOExponent: 1
    m_CompAOExponentDirect: 0
    m_ExtractAmbientOcclusion: 0
    m_Padding: 2
    m_LightmapParameters: {fileID: 0}
    m_LightmapsBakeMode: 1
    m_TextureCompression: 1
    m_FinalGather: 0
    m_FinalGatherFiltering: 1
    m_FinalGatherRayCount: 256
    m_ReflectionCompression: 2
    m_MixedBakeMode: 2
    m_BakeBackend: 1
    m_PVRSampling: 1
    m_PVRDirectSampleCount: 32
    m_PVRSampleCount: 500
    m_PVRBounces: 2
    m_PVREnvironmentSampleCount: 500
    m_PVREnvironmentReferencePointCount: 2048
    m_PVRFilteringMode: 2
    m_PVRDenoiserTypeDirect: 0
    m_PVRDenoiserTypeIndirect: 0
    m_PVRDenoiserTypeAO: 0
    m_PVRFilterTypeDirect: 0
    m_PVRFilterTypeIndirect: 0
    m_PVRFilterTypeAO: 0
    m_PVREnvironmentMIS: 0
    m_PVRCulling: 1
    m_PVRFilteringGaussRadiusDirect: 1
    m_PVRFilteringGaussRadiusIndirect: 5
    m_PVRFilteringGaussRadiusAO: 2
    m_PVRFilteringAtrousPositionSigmaDirect: 0.5
    m_PVRFilteringAtrousPositionSigmaIndirect: 2
    m_PVRFilteringAtrousPositionSigmaAO: 1
    m_ExportTrainingData: 0
    m_TrainingDataDestination: TrainingData
    m_LightProbeSampleCountMultiplier: 4
  m_LightingDataAsset: {fileID: 0}
  m_LightingSettings: {fileID: 0}
--- !u!196 &4
NavMeshSettings:
  serializedVersion: 2
  m_ObjectHideFlags: 0
  m_BuildSettings:
    serializedVersion: 2
    agentTypeID: 0
    agentRadius: 0.5
    agentHeight: 2
    agentSlope: 45
    agentClimb: 0.4
    ledgeDropHeight: 0
    maxJumpAcrossDistance: 0
    minRegionArea: 2
    manualCellSize: 0
    cellSize: 0.16666667
    manualTileSize: 0
    tileSize: 256
    accuratePlacement: 0
    maxJobWorkers: 0
    preserveTilesOutsideBounds: 0
    debug:
      m_Flags: 0
  m_NavMeshData: {fileID: 0}
--- !u!1001 &544421487
PrefabInstance:
  m_ObjectHideFlags: 0
  serializedVersion: 2
  m_Modification:
    m_TransformParent: {fileID: 0}
    m_Modifications:
    - target: {fileID: 134676, guid: 6488b6e6bbe8a9c4585b531a71d8211c, type: 3}
      propertyPath: m_Name
      value: WaterPlane (1)
      objectReference: {fileID: 0}
    - target: {fileID: 440718, guid: 6488b6e6bbe8a9c4585b531a71d8211c, type: 3}
      propertyPath: m_RootOrder
      value: 2
      objectReference: {fileID: 0}
    - target: {fileID: 440718, guid: 6488b6e6bbe8a9c4585b531a71d8211c, type: 3}
      propertyPath: m_LocalScale.x
      value: 2.5
      objectReference: {fileID: 0}
    - target: {fileID: 440718, guid: 6488b6e6bbe8a9c4585b531a71d8211c, type: 3}
      propertyPath: m_LocalScale.z
      value: 2.8
      objectReference: {fileID: 0}
    - target: {fileID: 440718, guid: 6488b6e6bbe8a9c4585b531a71d8211c, type: 3}
      propertyPath: m_LocalPosition.x
      value: 920
      objectReference: {fileID: 0}
    - target: {fileID: 440718, guid: 6488b6e6bbe8a9c4585b531a71d8211c, type: 3}
      propertyPath: m_LocalPosition.y
      value: 138.3
      objectReference: {fileID: 0}
    - target: {fileID: 440718, guid: 6488b6e6bbe8a9c4585b531a71d8211c, type: 3}
      propertyPath: m_LocalPosition.z
      value: 29.95
      objectReference: {fileID: 0}
    - target: {fileID: 440718, guid: 6488b6e6bbe8a9c4585b531a71d8211c, type: 3}
      propertyPath: m_LocalRotation.w
      value: 1
      objectReference: {fileID: 0}
    - target: {fileID: 440718, guid: 6488b6e6bbe8a9c4585b531a71d8211c, type: 3}
      propertyPath: m_LocalRotation.x
      value: 0
      objectReference: {fileID: 0}
    - target: {fileID: 440718, guid: 6488b6e6bbe8a9c4585b531a71d8211c, type: 3}
      propertyPath: m_LocalRotation.y
      value: 0
      objectReference: {fileID: 0}
    - target: {fileID: 440718, guid: 6488b6e6bbe8a9c4585b531a71d8211c, type: 3}
      propertyPath: m_LocalRotation.z
      value: 0
      objectReference: {fileID: 0}
    - target: {fileID: 440718, guid: 6488b6e6bbe8a9c4585b531a71d8211c, type: 3}
      propertyPath: m_LocalEulerAnglesHint.x
      value: 0
      objectReference: {fileID: 0}
    - target: {fileID: 440718, guid: 6488b6e6bbe8a9c4585b531a71d8211c, type: 3}
      propertyPath: m_LocalEulerAnglesHint.y
      value: 0
      objectReference: {fileID: 0}
    - target: {fileID: 440718, guid: 6488b6e6bbe8a9c4585b531a71d8211c, type: 3}
      propertyPath: m_LocalEulerAnglesHint.z
      value: 0
      objectReference: {fileID: 0}
    m_RemovedComponents: []
  m_SourcePrefab: {fileID: 100100000, guid: 6488b6e6bbe8a9c4585b531a71d8211c, type: 3}
--- !u!1 &705507993
GameObject:
  m_ObjectHideFlags: 0
  m_CorrespondingSourceObject: {fileID: 0}
  m_PrefabInstance: {fileID: 0}
  m_PrefabAsset: {fileID: 0}
  serializedVersion: 6
  m_Component:
  - component: {fileID: 705507995}
  - component: {fileID: 705507994}
  m_Layer: 0
  m_Name: Directional Light
  m_TagString: Untagged
  m_Icon: {fileID: 0}
  m_NavMeshLayer: 0
  m_StaticEditorFlags: 0
  m_IsActive: 1
--- !u!108 &705507994
Light:
  m_ObjectHideFlags: 0
  m_CorrespondingSourceObject: {fileID: 0}
  m_PrefabInstance: {fileID: 0}
  m_PrefabAsset: {fileID: 0}
  m_GameObject: {fileID: 705507993}
  m_Enabled: 1
  serializedVersion: 10
  m_Type: 1
  m_Shape: 0
  m_Color: {r: 1, g: 0.95686275, b: 0.8392157, a: 1}
  m_Intensity: 1
  m_Range: 10
  m_SpotAngle: 30
  m_InnerSpotAngle: 21.80208
  m_CookieSize: 10
  m_Shadows:
    m_Type: 2
    m_Resolution: -1
    m_CustomResolution: -1
    m_Strength: 0.511
    m_Bias: 0.05
    m_NormalBias: 0.4
    m_NearPlane: 0.2
    m_CullingMatrixOverride:
      e00: 1
      e01: 0
      e02: 0
      e03: 0
      e10: 0
      e11: 1
      e12: 0
      e13: 0
      e20: 0
      e21: 0
      e22: 1
      e23: 0
      e30: 0
      e31: 0
      e32: 0
      e33: 1
    m_UseCullingMatrixOverride: 0
  m_Cookie: {fileID: 0}
  m_DrawHalo: 0
  m_Flare: {fileID: 0}
  m_RenderMode: 0
  m_CullingMask:
    serializedVersion: 2
    m_Bits: 4294967295
  m_RenderingLayerMask: 1
  m_Lightmapping: 1
  m_LightShadowCasterMode: 0
  m_AreaSize: {x: 1, y: 1}
  m_BounceIntensity: 1
  m_ColorTemperature: 6570
  m_UseColorTemperature: 0
  m_BoundingSphereOverride: {x: 0, y: 0, z: 0, w: 0}
  m_UseBoundingSphereOverride: 0
  m_UseViewFrustumForShadowCasterCull: 1
  m_ShadowRadius: 0
  m_ShadowAngle: 0
--- !u!4 &705507995
Transform:
  m_ObjectHideFlags: 0
  m_CorrespondingSourceObject: {fileID: 0}
  m_PrefabInstance: {fileID: 0}
  m_PrefabAsset: {fileID: 0}
  m_GameObject: {fileID: 705507993}
  m_LocalRotation: {x: -0.060515817, y: 0.9355773, z: -0.1972547, w: -0.28657213}
  m_LocalPosition: {x: 1206.3815, y: 352.82446, z: 1283.8794}
  m_LocalScale: {x: 1, y: 1, z: 1}
  m_Children: []
  m_Father: {fileID: 0}
  m_RootOrder: 0
  m_LocalEulerAnglesHint: {x: 50, y: -30, z: 0}
--- !u!1 &916443496
GameObject:
  m_ObjectHideFlags: 0
  m_CorrespondingSourceObject: {fileID: 0}
  m_PrefabInstance: {fileID: 0}
  m_PrefabAsset: {fileID: 0}
  serializedVersion: 6
  m_Component:
  - component: {fileID: 916443498}
  - component: {fileID: 916443497}
  m_Layer: 0
  m_Name: Flare
  m_TagString: Untagged
  m_Icon: {fileID: 0}
  m_NavMeshLayer: 0
  m_StaticEditorFlags: 0
  m_IsActive: 1
--- !u!123 &916443497
LensFlare:
  m_ObjectHideFlags: 0
  m_CorrespondingSourceObject: {fileID: 0}
  m_PrefabInstance: {fileID: 0}
  m_PrefabAsset: {fileID: 0}
  m_GameObject: {fileID: 916443496}
  m_Enabled: 1
  m_Flare: {fileID: 12100000, guid: 09ebe82dbd1113c3d000dc0b8d76c639, type: 2}
  m_Color: {r: 0.7490196, g: 0.36862746, b: 0.34117648, a: 0}
  m_Brightness: 2
  m_FadeSpeed: 3
  m_IgnoreLayers:
    serializedVersion: 2
    m_Bits: 6
  m_Directional: 0
--- !u!4 &916443498
Transform:
  m_ObjectHideFlags: 0
  m_CorrespondingSourceObject: {fileID: 0}
  m_PrefabInstance: {fileID: 0}
  m_PrefabAsset: {fileID: 0}
  m_GameObject: {fileID: 916443496}
  m_LocalRotation: {x: 0, y: 0, z: 0, w: 1}
  m_LocalPosition: {x: 1223.019, y: 347.22748, z: 1293.4668}
  m_LocalScale: {x: 1, y: 1, z: 1}
  m_Children: []
  m_Father: {fileID: 0}
  m_RootOrder: 10
  m_LocalEulerAnglesHint: {x: 0, y: 0, z: 0}
--- !u!1001 &1775842237
PrefabInstance:
  m_ObjectHideFlags: 0
  serializedVersion: 2
  m_Modification:
    m_TransformParent: {fileID: 0}
    m_Modifications:
    - target: {fileID: 134676, guid: 6488b6e6bbe8a9c4585b531a71d8211c, type: 3}
      propertyPath: m_Name
      value: WaterPlane (2)
      objectReference: {fileID: 0}
    - target: {fileID: 440718, guid: 6488b6e6bbe8a9c4585b531a71d8211c, type: 3}
      propertyPath: m_RootOrder
      value: 1
      objectReference: {fileID: 0}
    - target: {fileID: 440718, guid: 6488b6e6bbe8a9c4585b531a71d8211c, type: 3}
      propertyPath: m_LocalScale.x
      value: 25
      objectReference: {fileID: 0}
    - target: {fileID: 440718, guid: 6488b6e6bbe8a9c4585b531a71d8211c, type: 3}
      propertyPath: m_LocalScale.y
      value: 1
      objectReference: {fileID: 0}
    - target: {fileID: 440718, guid: 6488b6e6bbe8a9c4585b531a71d8211c, type: 3}
      propertyPath: m_LocalScale.z
      value: 25
      objectReference: {fileID: 0}
    - target: {fileID: 440718, guid: 6488b6e6bbe8a9c4585b531a71d8211c, type: 3}
      propertyPath: m_LocalPosition.x
      value: -1327
      objectReference: {fileID: 0}
    - target: {fileID: 440718, guid: 6488b6e6bbe8a9c4585b531a71d8211c, type: 3}
      propertyPath: m_LocalPosition.y
      value: 19.8
      objectReference: {fileID: 0}
    - target: {fileID: 440718, guid: 6488b6e6bbe8a9c4585b531a71d8211c, type: 3}
      propertyPath: m_LocalPosition.z
      value: 441.1
      objectReference: {fileID: 0}
    - target: {fileID: 440718, guid: 6488b6e6bbe8a9c4585b531a71d8211c, type: 3}
      propertyPath: m_LocalRotation.w
      value: 1
      objectReference: {fileID: 0}
    - target: {fileID: 440718, guid: 6488b6e6bbe8a9c4585b531a71d8211c, type: 3}
      propertyPath: m_LocalRotation.x
      value: 0
      objectReference: {fileID: 0}
    - target: {fileID: 440718, guid: 6488b6e6bbe8a9c4585b531a71d8211c, type: 3}
      propertyPath: m_LocalRotation.y
      value: 0
      objectReference: {fileID: 0}
    - target: {fileID: 440718, guid: 6488b6e6bbe8a9c4585b531a71d8211c, type: 3}
      propertyPath: m_LocalRotation.z
      value: 0
      objectReference: {fileID: 0}
    - target: {fileID: 440718, guid: 6488b6e6bbe8a9c4585b531a71d8211c, type: 3}
      propertyPath: m_LocalEulerAnglesHint.x
      value: 0
      objectReference: {fileID: 0}
    - target: {fileID: 440718, guid: 6488b6e6bbe8a9c4585b531a71d8211c, type: 3}
      propertyPath: m_LocalEulerAnglesHint.y
      value: 0
      objectReference: {fileID: 0}
    - target: {fileID: 440718, guid: 6488b6e6bbe8a9c4585b531a71d8211c, type: 3}
      propertyPath: m_LocalEulerAnglesHint.z
      value: 0
      objectReference: {fileID: 0}
    m_RemovedComponents: []
  m_SourcePrefab: {fileID: 100100000, guid: 6488b6e6bbe8a9c4585b531a71d8211c, type: 3}
--- !u!1001 &2143660207
PrefabInstance:
  m_ObjectHideFlags: 0
  serializedVersion: 2
  m_Modification:
    m_TransformParent: {fileID: 0}
    m_Modifications:
    - target: {fileID: 134676, guid: 6488b6e6bbe8a9c4585b531a71d8211c, type: 3}
      propertyPath: m_Name
      value: WaterPlane
      objectReference: {fileID: 0}
    - target: {fileID: 440718, guid: 6488b6e6bbe8a9c4585b531a71d8211c, type: 3}
      propertyPath: m_RootOrder
      value: 3
      objectReference: {fileID: 0}
    - target: {fileID: 440718, guid: 6488b6e6bbe8a9c4585b531a71d8211c, type: 3}
      propertyPath: m_LocalScale.x
      value: 100
      objectReference: {fileID: 0}
    - target: {fileID: 440718, guid: 6488b6e6bbe8a9c4585b531a71d8211c, type: 3}
      propertyPath: m_LocalScale.y
      value: 1
      objectReference: {fileID: 0}
    - target: {fileID: 440718, guid: 6488b6e6bbe8a9c4585b531a71d8211c, type: 3}
      propertyPath: m_LocalScale.z
      value: 100
      objectReference: {fileID: 0}
    - target: {fileID: 440718, guid: 6488b6e6bbe8a9c4585b531a71d8211c, type: 3}
      propertyPath: m_LocalPosition.x
      value: 474
      objectReference: {fileID: 0}
    - target: {fileID: 440718, guid: 6488b6e6bbe8a9c4585b531a71d8211c, type: 3}
      propertyPath: m_LocalPosition.y
      value: 96.5
      objectReference: {fileID: 0}
    - target: {fileID: 440718, guid: 6488b6e6bbe8a9c4585b531a71d8211c, type: 3}
      propertyPath: m_LocalPosition.z
      value: 471
      objectReference: {fileID: 0}
    - target: {fileID: 440718, guid: 6488b6e6bbe8a9c4585b531a71d8211c, type: 3}
      propertyPath: m_LocalRotation.w
      value: 1
      objectReference: {fileID: 0}
    - target: {fileID: 440718, guid: 6488b6e6bbe8a9c4585b531a71d8211c, type: 3}
      propertyPath: m_LocalRotation.x
      value: 0
      objectReference: {fileID: 0}
    - target: {fileID: 440718, guid: 6488b6e6bbe8a9c4585b531a71d8211c, type: 3}
      propertyPath: m_LocalRotation.y
      value: 0
      objectReference: {fileID: 0}
    - target: {fileID: 440718, guid: 6488b6e6bbe8a9c4585b531a71d8211c, type: 3}
      propertyPath: m_LocalRotation.z
      value: 0
      objectReference: {fileID: 0}
    - target: {fileID: 440718, guid: 6488b6e6bbe8a9c4585b531a71d8211c, type: 3}
      propertyPath: m_LocalEulerAnglesHint.x
      value: 0
      objectReference: {fileID: 0}
    - target: {fileID: 440718, guid: 6488b6e6bbe8a9c4585b531a71d8211c, type: 3}
      propertyPath: m_LocalEulerAnglesHint.y
      value: 0
      objectReference: {fileID: 0}
    - target: {fileID: 440718, guid: 6488b6e6bbe8a9c4585b531a71d8211c, type: 3}
      propertyPath: m_LocalEulerAnglesHint.z
      value: 0
      objectReference: {fileID: 0}
    m_RemovedComponents: []
  m_SourcePrefab: {fileID: 100100000, guid: 6488b6e6bbe8a9c4585b531a71d8211c, type: 3}
--- !u!1 &2144065211 stripped
GameObject:
  m_CorrespondingSourceObject: {fileID: 1933472342659468145, guid: a5a04ac32b0eef14aa7df4957833605d, type: 3}
  m_PrefabInstance: {fileID: 1933472343580714496}
  m_PrefabAsset: {fileID: 0}
--- !u!114 &2144065216
MonoBehaviour:
  m_ObjectHideFlags: 0
  m_CorrespondingSourceObject: {fileID: 0}
  m_PrefabInstance: {fileID: 0}
  m_PrefabAsset: {fileID: 0}
  m_GameObject: {fileID: 2144065211}
  m_Enabled: 1
  m_EditorHideFlags: 0
  m_Script: {fileID: 11500000, guid: ff26db721962cdf4a8edcdfa9a767d2a, type: 3}
  m_Name: 
  m_EditorClassIdentifier: 
  profile: {fileID: 11400000, guid: 37e42a6dfd857694cb912cdbd69decf7, type: 2}
--- !u!1001 &332285271191093128
PrefabInstance:
  m_ObjectHideFlags: 0
  serializedVersion: 2
  m_Modification:
    m_TransformParent: {fileID: 0}
    m_Modifications:
    - target: {fileID: 332285271330805813, guid: 078567b34ed114f44893aa69fb1bdd24, type: 3}
      propertyPath: m_Name
      value: Terrain-3
      objectReference: {fileID: 0}
    - target: {fileID: 332285271330805832, guid: 078567b34ed114f44893aa69fb1bdd24, type: 3}
      propertyPath: m_RootOrder
      value: 6
      objectReference: {fileID: 0}
    - target: {fileID: 332285271330805832, guid: 078567b34ed114f44893aa69fb1bdd24, type: 3}
      propertyPath: m_LocalPosition.x
      value: -1000
      objectReference: {fileID: 0}
    - target: {fileID: 332285271330805832, guid: 078567b34ed114f44893aa69fb1bdd24, type: 3}
      propertyPath: m_LocalPosition.y
      value: 0
      objectReference: {fileID: 0}
    - target: {fileID: 332285271330805832, guid: 078567b34ed114f44893aa69fb1bdd24, type: 3}
      propertyPath: m_LocalPosition.z
      value: -1000
      objectReference: {fileID: 0}
    - target: {fileID: 332285271330805832, guid: 078567b34ed114f44893aa69fb1bdd24, type: 3}
      propertyPath: m_LocalRotation.w
      value: 1
      objectReference: {fileID: 0}
    - target: {fileID: 332285271330805832, guid: 078567b34ed114f44893aa69fb1bdd24, type: 3}
      propertyPath: m_LocalRotation.x
      value: 0
      objectReference: {fileID: 0}
    - target: {fileID: 332285271330805832, guid: 078567b34ed114f44893aa69fb1bdd24, type: 3}
      propertyPath: m_LocalRotation.y
      value: 0
      objectReference: {fileID: 0}
    - target: {fileID: 332285271330805832, guid: 078567b34ed114f44893aa69fb1bdd24, type: 3}
      propertyPath: m_LocalRotation.z
      value: 0
      objectReference: {fileID: 0}
    - target: {fileID: 332285271330805832, guid: 078567b34ed114f44893aa69fb1bdd24, type: 3}
      propertyPath: m_LocalEulerAnglesHint.x
      value: 0
      objectReference: {fileID: 0}
    - target: {fileID: 332285271330805832, guid: 078567b34ed114f44893aa69fb1bdd24, type: 3}
      propertyPath: m_LocalEulerAnglesHint.y
      value: 0
      objectReference: {fileID: 0}
    - target: {fileID: 332285271330805832, guid: 078567b34ed114f44893aa69fb1bdd24, type: 3}
      propertyPath: m_LocalEulerAnglesHint.z
      value: 0
      objectReference: {fileID: 0}
    m_RemovedComponents: []
  m_SourcePrefab: {fileID: 100100000, guid: 078567b34ed114f44893aa69fb1bdd24, type: 3}
--- !u!1001 &973266046682119349
PrefabInstance:
  m_ObjectHideFlags: 0
  serializedVersion: 2
  m_Modification:
    m_TransformParent: {fileID: 0}
    m_Modifications:
    - target: {fileID: 973266046835095565, guid: f35e3ddc80cdbaf48851d0e2748b4371, type: 3}
      propertyPath: m_Name
      value: Terrain-pre4
      objectReference: {fileID: 0}
    - target: {fileID: 973266046835095566, guid: f35e3ddc80cdbaf48851d0e2748b4371, type: 3}
      propertyPath: m_RootOrder
      value: 7
      objectReference: {fileID: 0}
    - target: {fileID: 973266046835095566, guid: f35e3ddc80cdbaf48851d0e2748b4371, type: 3}
      propertyPath: m_LocalPosition.x
      value: -1000
      objectReference: {fileID: 0}
    - target: {fileID: 973266046835095566, guid: f35e3ddc80cdbaf48851d0e2748b4371, type: 3}
      propertyPath: m_LocalPosition.y
      value: 0
      objectReference: {fileID: 0}
    - target: {fileID: 973266046835095566, guid: f35e3ddc80cdbaf48851d0e2748b4371, type: 3}
      propertyPath: m_LocalPosition.z
      value: 0
      objectReference: {fileID: 0}
    - target: {fileID: 973266046835095566, guid: f35e3ddc80cdbaf48851d0e2748b4371, type: 3}
      propertyPath: m_LocalRotation.w
      value: 1
      objectReference: {fileID: 0}
    - target: {fileID: 973266046835095566, guid: f35e3ddc80cdbaf48851d0e2748b4371, type: 3}
      propertyPath: m_LocalRotation.x
      value: 0
      objectReference: {fileID: 0}
    - target: {fileID: 973266046835095566, guid: f35e3ddc80cdbaf48851d0e2748b4371, type: 3}
      propertyPath: m_LocalRotation.y
      value: 0
      objectReference: {fileID: 0}
    - target: {fileID: 973266046835095566, guid: f35e3ddc80cdbaf48851d0e2748b4371, type: 3}
      propertyPath: m_LocalRotation.z
      value: 0
      objectReference: {fileID: 0}
    - target: {fileID: 973266046835095566, guid: f35e3ddc80cdbaf48851d0e2748b4371, type: 3}
      propertyPath: m_LocalEulerAnglesHint.x
      value: 0
      objectReference: {fileID: 0}
    - target: {fileID: 973266046835095566, guid: f35e3ddc80cdbaf48851d0e2748b4371, type: 3}
      propertyPath: m_LocalEulerAnglesHint.y
      value: 0
      objectReference: {fileID: 0}
    - target: {fileID: 973266046835095566, guid: f35e3ddc80cdbaf48851d0e2748b4371, type: 3}
      propertyPath: m_LocalEulerAnglesHint.z
      value: 0
      objectReference: {fileID: 0}
    m_RemovedComponents: []
  m_SourcePrefab: {fileID: 100100000, guid: f35e3ddc80cdbaf48851d0e2748b4371, type: 3}
--- !u!1001 &1933472343580714496
PrefabInstance:
  m_ObjectHideFlags: 0
  serializedVersion: 2
  m_Modification:
    m_TransformParent: {fileID: 0}
    m_Modifications:
    - target: {fileID: 1933472342659468145, guid: a5a04ac32b0eef14aa7df4957833605d, type: 3}
      propertyPath: m_Layer
      value: 7
      objectReference: {fileID: 0}
    - target: {fileID: 1933472342659468147, guid: a5a04ac32b0eef14aa7df4957833605d, type: 3}
      propertyPath: far clip plane
      value: 2000
      objectReference: {fileID: 0}
    - target: {fileID: 1933472342659468147, guid: a5a04ac32b0eef14aa7df4957833605d, type: 3}
      propertyPath: m_OcclusionCulling
      value: 0
      objectReference: {fileID: 0}
    - target: {fileID: 1933472342767209838, guid: a5a04ac32b0eef14aa7df4957833605d, type: 3}
      propertyPath: m_Name
      value: Player
      objectReference: {fileID: 0}
    - target: {fileID: 1933472342767209840, guid: a5a04ac32b0eef14aa7df4957833605d, type: 3}
      propertyPath: m_RootOrder
      value: 9
      objectReference: {fileID: 0}
    - target: {fileID: 1933472342767209840, guid: a5a04ac32b0eef14aa7df4957833605d, type: 3}
      propertyPath: m_LocalPosition.x
      value: 931.6221
      objectReference: {fileID: 0}
    - target: {fileID: 1933472342767209840, guid: a5a04ac32b0eef14aa7df4957833605d, type: 3}
      propertyPath: m_LocalPosition.y
      value: 101
      objectReference: {fileID: 0}
    - target: {fileID: 1933472342767209840, guid: a5a04ac32b0eef14aa7df4957833605d, type: 3}
      propertyPath: m_LocalPosition.z
      value: 454.45
      objectReference: {fileID: 0}
    - target: {fileID: 1933472342767209840, guid: a5a04ac32b0eef14aa7df4957833605d, type: 3}
      propertyPath: m_LocalRotation.w
      value: 1
      objectReference: {fileID: 0}
    - target: {fileID: 1933472342767209840, guid: a5a04ac32b0eef14aa7df4957833605d, type: 3}
      propertyPath: m_LocalRotation.x
      value: 0
      objectReference: {fileID: 0}
    - target: {fileID: 1933472342767209840, guid: a5a04ac32b0eef14aa7df4957833605d, type: 3}
      propertyPath: m_LocalRotation.y
      value: 0
      objectReference: {fileID: 0}
    - target: {fileID: 1933472342767209840, guid: a5a04ac32b0eef14aa7df4957833605d, type: 3}
      propertyPath: m_LocalRotation.z
      value: 0
      objectReference: {fileID: 0}
    - target: {fileID: 1933472342767209840, guid: a5a04ac32b0eef14aa7df4957833605d, type: 3}
      propertyPath: m_LocalEulerAnglesHint.x
      value: 0
      objectReference: {fileID: 0}
    - target: {fileID: 1933472342767209840, guid: a5a04ac32b0eef14aa7df4957833605d, type: 3}
      propertyPath: m_LocalEulerAnglesHint.y
      value: 0
      objectReference: {fileID: 0}
    - target: {fileID: 1933472342767209840, guid: a5a04ac32b0eef14aa7df4957833605d, type: 3}
      propertyPath: m_LocalEulerAnglesHint.z
      value: 0
      objectReference: {fileID: 0}
    m_RemovedComponents: []
  m_SourcePrefab: {fileID: 100100000, guid: a5a04ac32b0eef14aa7df4957833605d, type: 3}
--- !u!1001 &6079739587381855167
PrefabInstance:
  m_ObjectHideFlags: 0
  serializedVersion: 2
  m_Modification:
    m_TransformParent: {fileID: 0}
    m_Modifications:
    - target: {fileID: 3011773377107382480, guid: 279cd64819a9ed7428b15174a33f4cd5, type: 3}
      propertyPath: m_TreeDistance
      value: 1
      objectReference: {fileID: 0}
    - target: {fileID: 3011773377107382480, guid: 279cd64819a9ed7428b15174a33f4cd5, type: 3}
      propertyPath: m_DrawInstanced
      value: 0
      objectReference: {fileID: 0}
    - target: {fileID: 3011773377107382480, guid: 279cd64819a9ed7428b15174a33f4cd5, type: 3}
      propertyPath: m_SplatMapDistance
      value: 350
      objectReference: {fileID: 0}
    - target: {fileID: 3011773377107382480, guid: 279cd64819a9ed7428b15174a33f4cd5, type: 3}
      propertyPath: m_ShadowCastingMode
      value: 0
      objectReference: {fileID: 0}
    - target: {fileID: 3011773377107382480, guid: 279cd64819a9ed7428b15174a33f4cd5, type: 3}
      propertyPath: m_DetailObjectDensity
      value: 0.7
      objectReference: {fileID: 0}
    - target: {fileID: 3011773377107382480, guid: 279cd64819a9ed7428b15174a33f4cd5, type: 3}
      propertyPath: m_DrawTreesAndFoliage
      value: 1
      objectReference: {fileID: 0}
    - target: {fileID: 3011773377107382480, guid: 279cd64819a9ed7428b15174a33f4cd5, type: 3}
      propertyPath: m_DetailObjectDistance
      value: 250
      objectReference: {fileID: 0}
    - target: {fileID: 3011773377107382480, guid: 279cd64819a9ed7428b15174a33f4cd5, type: 3}
      propertyPath: m_BakeLightProbesForTrees
      value: 1
      objectReference: {fileID: 0}
    - target: {fileID: 3011773377107382480, guid: 279cd64819a9ed7428b15174a33f4cd5, type: 3}
      propertyPath: m_TreeMaximumFullLODCount
      value: 50
      objectReference: {fileID: 0}
    - target: {fileID: 5144020946614100160, guid: 279cd64819a9ed7428b15174a33f4cd5, type: 3}
      propertyPath: m_RootOrder
      value: 4
      objectReference: {fileID: 0}
    - target: {fileID: 5144020946614100160, guid: 279cd64819a9ed7428b15174a33f4cd5, type: 3}
      propertyPath: m_LocalScale.x
      value: 1
      objectReference: {fileID: 0}
    - target: {fileID: 5144020946614100160, guid: 279cd64819a9ed7428b15174a33f4cd5, type: 3}
      propertyPath: m_LocalPosition.x
      value: 0
      objectReference: {fileID: 0}
    - target: {fileID: 5144020946614100160, guid: 279cd64819a9ed7428b15174a33f4cd5, type: 3}
      propertyPath: m_LocalPosition.y
      value: 0
      objectReference: {fileID: 0}
    - target: {fileID: 5144020946614100160, guid: 279cd64819a9ed7428b15174a33f4cd5, type: 3}
      propertyPath: m_LocalPosition.z
      value: 0
      objectReference: {fileID: 0}
    - target: {fileID: 5144020946614100160, guid: 279cd64819a9ed7428b15174a33f4cd5, type: 3}
      propertyPath: m_LocalRotation.w
      value: 1
      objectReference: {fileID: 0}
    - target: {fileID: 5144020946614100160, guid: 279cd64819a9ed7428b15174a33f4cd5, type: 3}
      propertyPath: m_LocalRotation.x
      value: 0
      objectReference: {fileID: 0}
    - target: {fileID: 5144020946614100160, guid: 279cd64819a9ed7428b15174a33f4cd5, type: 3}
      propertyPath: m_LocalRotation.y
      value: 0
      objectReference: {fileID: 0}
    - target: {fileID: 5144020946614100160, guid: 279cd64819a9ed7428b15174a33f4cd5, type: 3}
      propertyPath: m_LocalRotation.z
      value: 0
      objectReference: {fileID: 0}
    - target: {fileID: 5144020946614100160, guid: 279cd64819a9ed7428b15174a33f4cd5, type: 3}
      propertyPath: m_LocalEulerAnglesHint.x
      value: 0
      objectReference: {fileID: 0}
    - target: {fileID: 5144020946614100160, guid: 279cd64819a9ed7428b15174a33f4cd5, type: 3}
      propertyPath: m_LocalEulerAnglesHint.y
      value: 0
      objectReference: {fileID: 0}
    - target: {fileID: 5144020946614100160, guid: 279cd64819a9ed7428b15174a33f4cd5, type: 3}
      propertyPath: m_LocalEulerAnglesHint.z
      value: 0
      objectReference: {fileID: 0}
    - target: {fileID: 7982622531309320284, guid: 279cd64819a9ed7428b15174a33f4cd5, type: 3}
      propertyPath: m_Name
      value: Terrain
      objectReference: {fileID: 0}
    - target: {fileID: 7982622531309320284, guid: 279cd64819a9ed7428b15174a33f4cd5, type: 3}
      propertyPath: m_Layer
      value: 6
      objectReference: {fileID: 0}
    - target: {fileID: 7982622531309320284, guid: 279cd64819a9ed7428b15174a33f4cd5, type: 3}
      propertyPath: m_StaticEditorFlags
      value: 4294967295
      objectReference: {fileID: 0}
    m_RemovedComponents: []
  m_SourcePrefab: {fileID: 100100000, guid: 279cd64819a9ed7428b15174a33f4cd5, type: 3}
--- !u!1001 &7207267845518665649
PrefabInstance:
  m_ObjectHideFlags: 0
  serializedVersion: 2
  m_Modification:
    m_TransformParent: {fileID: 0}
    m_Modifications:
    - target: {fileID: 7207267845502428400, guid: 5f6037e458d7aea48a08c6ba2dec7162, type: 3}
      propertyPath: m_Name
      value: Terrain-4
      objectReference: {fileID: 0}
    - target: {fileID: 7207267845502428405, guid: 5f6037e458d7aea48a08c6ba2dec7162, type: 3}
      propertyPath: m_RootOrder
      value: 8
      objectReference: {fileID: 0}
    - target: {fileID: 7207267845502428405, guid: 5f6037e458d7aea48a08c6ba2dec7162, type: 3}
      propertyPath: m_LocalPosition.x
      value: -2000
      objectReference: {fileID: 0}
    - target: {fileID: 7207267845502428405, guid: 5f6037e458d7aea48a08c6ba2dec7162, type: 3}
      propertyPath: m_LocalPosition.y
      value: 0
      objectReference: {fileID: 0}
    - target: {fileID: 7207267845502428405, guid: 5f6037e458d7aea48a08c6ba2dec7162, type: 3}
      propertyPath: m_LocalPosition.z
      value: 0
      objectReference: {fileID: 0}
    - target: {fileID: 7207267845502428405, guid: 5f6037e458d7aea48a08c6ba2dec7162, type: 3}
      propertyPath: m_LocalRotation.w
      value: 1
      objectReference: {fileID: 0}
    - target: {fileID: 7207267845502428405, guid: 5f6037e458d7aea48a08c6ba2dec7162, type: 3}
      propertyPath: m_LocalRotation.x
      value: 0
      objectReference: {fileID: 0}
    - target: {fileID: 7207267845502428405, guid: 5f6037e458d7aea48a08c6ba2dec7162, type: 3}
      propertyPath: m_LocalRotation.y
      value: 0
      objectReference: {fileID: 0}
    - target: {fileID: 7207267845502428405, guid: 5f6037e458d7aea48a08c6ba2dec7162, type: 3}
      propertyPath: m_LocalRotation.z
      value: 0
      objectReference: {fileID: 0}
    - target: {fileID: 7207267845502428405, guid: 5f6037e458d7aea48a08c6ba2dec7162, type: 3}
      propertyPath: m_LocalEulerAnglesHint.x
      value: 0
      objectReference: {fileID: 0}
    - target: {fileID: 7207267845502428405, guid: 5f6037e458d7aea48a08c6ba2dec7162, type: 3}
      propertyPath: m_LocalEulerAnglesHint.y
      value: 0
      objectReference: {fileID: 0}
    - target: {fileID: 7207267845502428405, guid: 5f6037e458d7aea48a08c6ba2dec7162, type: 3}
      propertyPath: m_LocalEulerAnglesHint.z
      value: 0
      objectReference: {fileID: 0}
    m_RemovedComponents: []
  m_SourcePrefab: {fileID: 100100000, guid: 5f6037e458d7aea48a08c6ba2dec7162, type: 3}
--- !u!1001 &8914390682854200630
PrefabInstance:
  m_ObjectHideFlags: 0
  serializedVersion: 2
  m_Modification:
    m_TransformParent: {fileID: 0}
    m_Modifications:
    - target: {fileID: 8914390681969111722, guid: 44ffa65e4ccd7894c989d9f816ab2bd0, type: 3}
      propertyPath: m_RootOrder
      value: 5
      objectReference: {fileID: 0}
    - target: {fileID: 8914390681969111722, guid: 44ffa65e4ccd7894c989d9f816ab2bd0, type: 3}
      propertyPath: m_LocalPosition.x
      value: 0
      objectReference: {fileID: 0}
    - target: {fileID: 8914390681969111722, guid: 44ffa65e4ccd7894c989d9f816ab2bd0, type: 3}
      propertyPath: m_LocalPosition.y
      value: 0
      objectReference: {fileID: 0}
    - target: {fileID: 8914390681969111722, guid: 44ffa65e4ccd7894c989d9f816ab2bd0, type: 3}
      propertyPath: m_LocalPosition.z
      value: -1000
      objectReference: {fileID: 0}
    - target: {fileID: 8914390681969111722, guid: 44ffa65e4ccd7894c989d9f816ab2bd0, type: 3}
      propertyPath: m_LocalRotation.w
      value: 1
      objectReference: {fileID: 0}
    - target: {fileID: 8914390681969111722, guid: 44ffa65e4ccd7894c989d9f816ab2bd0, type: 3}
      propertyPath: m_LocalRotation.x
      value: 0
      objectReference: {fileID: 0}
    - target: {fileID: 8914390681969111722, guid: 44ffa65e4ccd7894c989d9f816ab2bd0, type: 3}
      propertyPath: m_LocalRotation.y
      value: 0
      objectReference: {fileID: 0}
    - target: {fileID: 8914390681969111722, guid: 44ffa65e4ccd7894c989d9f816ab2bd0, type: 3}
      propertyPath: m_LocalRotation.z
      value: 0
      objectReference: {fileID: 0}
    - target: {fileID: 8914390681969111722, guid: 44ffa65e4ccd7894c989d9f816ab2bd0, type: 3}
      propertyPath: m_LocalEulerAnglesHint.x
      value: 0
      objectReference: {fileID: 0}
    - target: {fileID: 8914390681969111722, guid: 44ffa65e4ccd7894c989d9f816ab2bd0, type: 3}
      propertyPath: m_LocalEulerAnglesHint.y
      value: 0
      objectReference: {fileID: 0}
    - target: {fileID: 8914390681969111722, guid: 44ffa65e4ccd7894c989d9f816ab2bd0, type: 3}
      propertyPath: m_LocalEulerAnglesHint.z
      value: 0
      objectReference: {fileID: 0}
    - target: {fileID: 8914390681969111727, guid: 44ffa65e4ccd7894c989d9f816ab2bd0, type: 3}
      propertyPath: m_Name
      value: Terrain-2
      objectReference: {fileID: 0}
    m_RemovedComponents: []
  m_SourcePrefab: {fileID: 100100000, guid: 44ffa65e4ccd7894c989d9f816ab2bd0, type: 3}
